<?xml version="1.0" encoding="UTF-8"?>
<record xmlns="http://www.loc.gov/MARC21/slim" xmlns:xsi="http://www.w3.org/2001/XMLSchema-instance" xsi:schemaLocation="http://www.loc.gov/MARC21/slim http://www.loc.gov/standards/marcxml/schema/MARC21slim.xsd">
<leader>00000cam a22      a 4500</leader>
<controlfield tag="001">001680182</controlfield>
<controlfield tag="003">NNU</controlfield>
<controlfield tag="005">20150121172325.0</controlfield>
<controlfield tag="008">830915m18839999le            000 1 ara</controlfield>
<datafield tag="010" ind1=" " ind2=" ">
<subfield code="a">   59036685</subfield>
</datafield>
<datafield tag="035" ind1=" " ind2=" ">
<subfield code="a">(OCoLC)9911354</subfield>
</datafield>
<datafield tag="040" ind1=" " ind2=" ">
<subfield code="a">DLC</subfield>
<subfield code="b">eng</subfield>
<subfield code="c">IUL</subfield>
<subfield code="d">DLC</subfield>
<subfield code="d">OCLCG</subfield>
<subfield code="d">OCLCF</subfield>
<subfield code="d">OCLCO</subfield>
<subfield code="d">OCLCQ</subfield>
<subfield code="d">NNU</subfield>
</datafield>
<datafield tag="050" ind1="0" ind2="0">
<subfield code="a">PJ7601</subfield>
<subfield code="b">.B4</subfield>
</datafield>
<datafield tag="245" ind1="0" ind2="0">
<subfield code="6">880-01</subfield>
<subfield code="a">Nukhab al-mulaḥ /</subfield>
<subfield code="c">jamaʻahā Yūḥannā Bilū wa-Aghūstīnūs Rūdah.</subfield>
</datafield>
<datafield tag="260" ind1=" " ind2=" ">
<subfield code="6">880-02</subfield>
<subfield code="a">Bayrūt :</subfield>
<subfield code="b">al-Maṭbaʻah al-Kāthūlīkīyah lil-Ābā' al-Yasūʻīyīn,</subfield>
<subfield code="c">1883-</subfield>
</datafield>
<datafield tag="300" ind1=" " ind2=" ">
<subfield code="a">volumes in ;</subfield>
<subfield code="c">20-23 cm</subfield>
</datafield>
<datafield tag="336" ind1=" " ind2=" ">
<subfield code="a">text</subfield>
<subfield code="b">txt</subfield>
<subfield code="2">rdacontent</subfield>
</datafield>
<datafield tag="337" ind1=" " ind2=" ">
<subfield code="a">unmediated</subfield>
<subfield code="b">n</subfield>
<subfield code="2">rdamedia</subfield>
</datafield>
<datafield tag="338" ind1=" " ind2=" ">
<subfield code="a">volume</subfield>
<subfield code="b">nc</subfield>
<subfield code="2">rdacarrier</subfield>
</datafield>
<datafield tag="500" ind1=" " ind2=" ">
<subfield code="a">Vol. 1, pt. 2, 1883: Tabʻah 7.</subfield>
</datafield>
<datafield tag="505" ind1="0" ind2=" ">
<subfield code="a">V.1. pt. 1. Ḥikāyāt adabīyah -- pt. 2. Ḥikāyāt adabīyah wa-nawādir ḥikamīyah wa-ḥawādith tārīkhīyah.</subfield>
</datafield>
<datafield tag="650" ind1=" " ind2="0">
<subfield code="a">Arabic literature.</subfield>
</datafield>
<datafield tag="650" ind1=" " ind2="7">
<subfield code="a">Arabic literature.</subfield>
<subfield code="2">fast</subfield>
<subfield code="0">(OCoLC)fst00812478</subfield>
</datafield>
<datafield tag="700" ind1="1" ind2=" ">
<subfield code="a">Belot, J. B.</subfield>
<subfield code="q">(Jean Baptiste),</subfield>
<subfield code="d">1822-1904</subfield>
<subfield code="6">880-03</subfield>
</datafield>
<datafield tag="700" ind1="1" ind2=" ">
<subfield code="a">Rūdah, Aghustīnūs</subfield>
<subfield code="6">880-04</subfield>
</datafield>
<datafield tag="880" ind1="0" ind2="0">
<subfield code="6">245-01/</subfield>
<subfield code="a">نخب الملح /</subfield>
<subfield code="c">جمعها يوحنا بلو واغوستينوس روده.</subfield>
</datafield>
<datafield tag="880" ind1=" " ind2=" ">
<subfield code="6">260-02/</subfield>
<subfield code="a">بيروت :</subfield>
<subfield code="b">المطبعة الكاثوليكية للآباء اليسوعيين،</subfield>
<subfield code="c">1883-</subfield>
</datafield>
<datafield tag="880" ind1="1" ind2=" ">
<subfield code="6">700-03/</subfield>
<subfield code="a">بلو، يوحنا.</subfield>
</datafield>
<datafield tag="880" ind1="1" ind2=" ">
<subfield code="6">700-04/</subfield>
<subfield code="a">روده، اغستينوس.</subfield>
</datafield>
<datafield tag="OWN" ind1=" " ind2=" ">
<subfield code="a">GENERAL</subfield>
</datafield>
<datafield tag="AVA" ind1=" " ind2=" ">
<subfield code="a">NYU50</subfield>
<subfield code="b">BOBST</subfield>
<subfield code="c">Main Collection</subfield>
<subfield code="d">PJ7601 .B43 1883</subfield>
<subfield code="e">unavailable</subfield>
<subfield code="t">Unavailable</subfield>
<subfield code="f">1</subfield>
<subfield code="g">1</subfield>
<subfield code="h">Y</subfield>
<subfield code="i">0</subfield>
<subfield code="j">MAIN</subfield>
<subfield code="k">0</subfield>
</datafield>
</record>
